@webpage{DPDK,
  author = {{The Linux Foundation}},
  title = "Home - DPDK",
  organization = "The Linux Foundation",
  url = "https://www.dpdk.org/",
  refdate = "2022-06-10",
}

@inproceedings{XDP,
  author = {{Toke Høiland-Jørgensen and Jesper Dangaard Brouer and Daniel Borkmann and John Fastabend and Tom Herbert and David Ahern and David Miller}},
  title = "The eXpress data path: fast programmable packet processing in the operating system kernel",
  booktitle = "Proceedings of the 14th International Conference on emerging Networking EXperiments and Technologies",
  pages = "54-66",
  publisher = "Association for Computing Machinery",
  year = 2018,
}

@article{RelaxationMethodDPDK,
  author = "伴野 隼一 and 矢吹 道郎",
  title = "DPDKの超高速通信を活用した，緩和法解析の分散処理に関する研究",
  journal = "研究報告マルチメディア通信と分散処理（DPS）",
  volume = "2021-DPS-186",
  number = 15,
  pages = "1-7",
  year = 2021,
}

@mastersthesis{RelaxationMethodUDP,
  author = "小石 昇",
  title = "分散処理におけるブロードキャストを利用した共有データの参照および更新に関する研究",
  school = "上智大学理工学研究科・電気電子工学専攻",
  year = 1992,
}

@article{MPIDPDK,
  author = "島田 明男 and 早坂 光雄",
  title = "DPDKによるデータ転送を用いたMPI通信の実装",
  journal = "研究報告ハイパフォーマンスコンピューティング（HPC）",
  volume = "2017-HPC-158",
  number = 13,
  pages = "1-7",
  year = 2017,
}

@webpage{Pktgen,
  author = {{Keith Wiles}},
  title = "pktgen/Pktgen-DPDK: DPDK based packet generator",
  organization = "Intel Corporation",
  url = "https://github.com/pktgen/Pktgen-DPDK",
  refdate = "2022-06-10",
}

@article{Gossip1,
  author = {{Peter H Jin and Qiaochu Yuan and Forrest Iandola and Kurt Keutzer}},
  title = "How to scale distributed deep learning?",
  journal = "arXiv preprint arXiv:1611.04581",
  year = 2016,
}

@techreport{Gossip2,
  author = "小国 英明 and 高橋 良希 and 首藤 一幸",
  title = "広域分散を想定した深層学習手法の比較",
  type = "データ工学と情報マネジメントに関するフォーラム",
  year = 2019,
}
